<record><leader>00000cas a22000007a 4500</leader><controlfield tag="001">27393656</controlfield><controlfield tag="007">hd afa---baca</controlfield><controlfield tag="007">hd bfa---baba</controlfield><controlfield tag="008">930208d19171939pauwr n a     0   b0slo d</controlfield><datafield ind1=" " ind2=" " tag="010"><subfield code="a">sn 93022645 </subfield></datafield><datafield ind1=" " ind2=" " tag="040"><subfield code="a">CRL</subfield><subfield code="b">eng</subfield><subfield code="c">CRL</subfield><subfield code="d">OCL</subfield><subfield code="d">OCLCQ</subfield><subfield code="d">OCLCF</subfield><subfield code="d">OCLCO</subfield><subfield code="d">OCLCQ</subfield></datafield><datafield ind1=" " ind2=" " tag="019"><subfield code="a">29865206</subfield></datafield><datafield ind1=" " ind2=" " tag="037"><subfield code="b">Microform Sales, The Center for Research Libraries, 6050 S. Kenwood Ave., Chicago IL 60637</subfield></datafield><datafield ind1=" " ind2=" " tag="042"><subfield code="a">msc</subfield></datafield><datafield ind1=" " ind2=" " tag="043"><subfield code="a">n-us-pa</subfield></datafield><datafield ind1="0" ind2="0" tag="245"><subfield code="a">Prosvi&#770;ta =</subfield><subfield code="b">The enlightenment.</subfield></datafield><datafield ind1="3" ind2="1" tag="246"><subfield code="a">Enlightenment</subfield></datafield><datafield ind1=" " ind2=" " tag="260"><subfield code="a">Pittsburgh, Pa. :</subfield><subfield code="b">[publisher not identified] ;</subfield><subfield code="a">McKeesport, Pa. :</subfield><subfield code="b">Prosvita Pub. Co.,</subfield><subfield code="c">1917-1939.</subfield></datafield><datafield ind1=" " ind2=" " tag="300"><subfield code="a">22 volumes :</subfield><subfield code="b">illustrations ;</subfield><subfield code="c">41 cm</subfield></datafield><datafield ind1=" " ind2=" " tag="310"><subfield code="a">Weekly</subfield></datafield><datafield ind1=" " ind2=" " tag="336"><subfield code="a">text</subfield><subfield code="b">txt</subfield><subfield code="2">rdacontent</subfield></datafield><datafield ind1=" " ind2=" " tag="337"><subfield code="a">microform</subfield><subfield code="b">h</subfield><subfield code="2">rdamedia</subfield></datafield><datafield ind1=" " ind2=" " tag="338"><subfield code="a">microfilm reel</subfield><subfield code="b">hd</subfield><subfield code="2">rdacarrier</subfield></datafield><datafield ind1="0" ind2=" " tag="362"><subfield code="a">R. 8, no. 1 (4-ho jan. 1917)-30. r., 45 c&#780;is. (Nov. 9, 1939).</subfield></datafield><datafield ind1=" " ind2=" " tag="546"><subfield code="a">In Slovak and Ruthenian with some English.</subfield></datafield><datafield ind1=" " ind2=" " tag="550"><subfield code="a">Official organ of the Greek Catholic Diocese of U.S.A. &lt;1917&gt;-1920; United Societies of Greek Catholic Religion &lt;1917&gt;; United Societies of Greek Catholic Religion of the United States of America &lt;1925&gt;-1939.</subfield></datafield><datafield ind1=" " ind2=" " tag="533"><subfield code="a">Microfilm.</subfield><subfield code="m">1917:Jan. 4-1939:Nov.:9</subfield><subfield code="b">[Chicago, Ill.] :</subfield><subfield code="c">University of Chicago, Photoduplication Dept. for the History of Immigration Research Center of the University of Minnesota [and The Center for Research Libraries],</subfield><subfield code="d">[197-].</subfield><subfield code="e">microfilm reels : negative ; 35 mm.</subfield></datafield><datafield ind1="2" ind2="0" tag="610"><subfield code="a">Catholic Church</subfield><subfield code="x">Oriental rites</subfield><subfield code="v">Newspapers.</subfield></datafield><datafield ind1=" " ind2="0" tag="650"><subfield code="a">Ruthenians</subfield><subfield code="z">United States</subfield><subfield code="v">Newspapers.</subfield></datafield><datafield ind1=" " ind2="4" tag="651"><subfield code="a">Pittsburgh (Pa.)</subfield><subfield code="v">Newspapers.</subfield></datafield><datafield ind1=" " ind2="4" tag="651"><subfield code="a">McKeesport (Pa.)</subfield><subfield code="v">Newspapers.</subfield></datafield><datafield ind1="2" ind2="7" tag="610"><subfield code="a">Catholic Church.</subfield><subfield code="2">fast</subfield><subfield code="0">(OCoLC)fst00531720</subfield></datafield><datafield ind1=" " ind2="7" tag="650"><subfield code="a">Oriental rites (Catholic Church)</subfield><subfield code="2">fast</subfield><subfield code="0">(OCoLC)fst01695160</subfield></datafield><datafield ind1=" " ind2="7" tag="650"><subfield code="a">Ruthenians.</subfield><subfield code="2">fast</subfield><subfield code="0">(OCoLC)fst01102572</subfield></datafield><datafield ind1=" " ind2="7" tag="651"><subfield code="a">United States.</subfield><subfield code="2">fast</subfield><subfield code="0">(OCoLC)fst01204155</subfield></datafield><datafield ind1=" " ind2="7" tag="655"><subfield code="a">Newspapers.</subfield><subfield code="2">fast</subfield><subfield code="0">(OCoLC)fst01423814</subfield></datafield><datafield ind1="2" ind2=" " tag="710"><subfield code="a">United Societies of Greek Catholic Religion.</subfield></datafield><datafield ind1="2" ind2=" " tag="710"><subfield code="a">United Societies of Greek Catholic Religion of the United States of America.</subfield></datafield><datafield ind1=" " ind2=" " tag="752"><subfield code="a">United States</subfield><subfield code="b">Pennsylvania</subfield><subfield code="c">Allegheny</subfield><subfield code="d">Pittsburgh.</subfield></datafield><datafield ind1=" " ind2=" " tag="752"><subfield code="a">United States</subfield><subfield code="b">Pennsylvania</subfield><subfield code="c">Allegheny</subfield><subfield code="d">McKeesport.</subfield></datafield><datafield ind1="0" ind2="0" tag="780"><subfield code="t">Rusin (Philadelphia, Pa.)</subfield></datafield><datafield ind1="0" ind2="0" tag="785"><subfield code="t">Prosvita Sobranija</subfield></datafield><datafield ind1=" " ind2=" " tag="850"><subfield code="a">ICRL</subfield><subfield code="a">ICRL (master)</subfield></datafield><datafield ind1="1" ind2=" " tag="029"><subfield code="a">AU@</subfield><subfield code="b">000020717195</subfield></datafield></record>